@BOOK{flashcard, 
   AUTHOR={Wissman, K. T., Rawson, K. A., & Pyc, M. A.}, 
   TITLE={ How and when do students use flashcards? }, 
   PUBLISHER={ Memory}, 
   ADDRESS={Hove,England}, 
   YEAR=2012,
 }
 @BOOK{leaderboard, 
   AUTHOR={Sungjin Park, MEng,Sangkyun Kim, PhD}, 
   TITLE={ Leaderboard Design Principles to Enhance Learning and Motivation in a Gamified Educational Environment: Development Study}, 
   PUBLISHER={ JMIR Serious Games}, 
   YEAR=2021,
 }
 @MISC{Django,
    author = {{Django}},
    title = {Logo, https://www.djangoproject.com/community/logos/},
    url = {https://www.djangoproject.com/community/logos/}
}
@MISC{MySQL,
    author = {{MySQL}},
    title = {Logo, https://www.mysql.com/about/legal/logos.html},
    url = {https://www.mysql.com/about/legal/logos.html}
}
@MISC{AngularJS,
    author = {{AngularJS}},
    title = {Logo, https://angularjs.org/},
    url = {https://angularjs.org/}
}
@inproceedings{forgetting-curve,
author = {Chun, Bo Ae and hae ja, Heo},
year = {2018},
month = {01},
pages = {56-60},
title = {The effect of flipped learning on academic performance as an innovative method for overcoming ebbinghaus' forgetting curve},
doi = {10.1145/3178158.3178206}
}
